% Encoding: ISO-8859-1

@PhdThesis{hamilton-numerical-2011,
  author      = {Hamilton, Steven P},
  title       = {Numerical solution of the $k$-eigenvalue problem},
  school      = {Emory University},
  year        = {2011},
  date        = {2011},
  file        = {:hamilton-numerical-2011.pdf:PDF},
  institution = {Emory University},
  owner       = {brbass},
  timestamp   = {2017.11.15},
}

@Article{wendland-error-1998,
  author       = {Wendland, Holger},
  title        = {Error estimates for interpolation by compactly supported radial basis functions of minimal degree},
  journal      = {Journal of Approximation Theory},
  year         = {1998},
  volume       = {93},
  number       = {2},
  pages        = {258--272},
  date         = {1998},
  file         = {:wendland-error-1998.pdf:PDF},
  journaltitle = {Journal of approximation theory},
  owner        = {brbass},
  publisher    = {Elsevier},
  timestamp    = {2017.05.09},
}

@Article{heroux-overview-2005,
  author       = {Heroux, Michael A and Bartlett, Roscoe A and Howle, Vicki E and Hoekstra, Robert J and Hu, Jonathan J and Kolda, Tamara G and Lehoucq, Richard B and Long, Kevin R and Pawlowski, Roger P and Phipps, Eric T and others},
  title        = {An overview of the {T}rilinos project},
  volume       = {31},
  number       = {3},
  pages        = {397--423},
  date         = {2005},
  journaltitle = {ACM Transactions on Mathematical Software (TOMS)},
  owner        = {brbass},
  publisher    = {ACM},
  timestamp    = {2017.11.15},
}

@Misc{blanco-nanoflann:-2014,
  author    = {Blanco, Jose Luis},
  title     = {nanoflann: a {C}++ header-only fork of {FLANN}, a library for Nearest Neighbor ({NN}) with k-d trees},
  year      = {2014},
  date      = {2014},
  owner     = {brbass},
  timestamp = {2017.11.15},
}

@InProceedings{jarrell-discrete-2011,
  author    = {Jarrell, Joshua J and Adams, Marvin L},
  title     = {Discrete-ordinates quadrature sets based on linear discontinuous finite elements},
  booktitle = {International Conference on Mathematics and Computational Methods Applied to Nuclear Science and Engineering (M\&C 2011), Rio de Janeiro, RJ, Brazil},
  year      = {2011},
  date      = {2011},
  file      = {:jarrell-discrete-2011.pdf:PDF},
  owner     = {brbass},
  timestamp = {2017.11.15},
}

@Misc{kapoulkine-pugixml-2012,
  author    = {Kapoulkine, Arseny},
  title     = {pugixml: Light-weight, simple and fast {XML} parser for {C}++ with {XP}ath support},
  year      = {2012},
  date      = {2012},
  owner     = {brbass},
  publisher = {May},
  timestamp = {2017.11.15},
}

@Article{guennebaud-eigen:-2014,
  author       = {Guennebaud, Gael and Jacob, Benoit and others},
  title        = {{Eigen}: a {C}++ linear algebra library},
  volume       = {22},
  date         = {2014},
  journaltitle = {URL http://eigen. tuxfamily. org, Accessed},
  owner        = {brbass},
  timestamp    = {2017.11.15},
}

@Article{romano-openmc-2013,
  author       = {Romano, Paul K and Forget, Benoit},
  title        = {The {OpenMC} monte carlo particle transport code},
  journal      = {Annals of Nuclear Energy},
  year         = {2013},
  volume       = {51},
  pages        = {274--281},
  date         = {2013},
  journaltitle = {Annals of Nuclear Energy},
  owner        = {brbass},
  publisher    = {Elsevier},
  timestamp    = {2017.11.15},
}

@Article{kobayashi-3d-2001,
  author       = {Kobayashi, Keisuke and Sugimura, Naoki and Nagaya, Yasunobu},
  title        = {3{D} radiation transport benchmark problems and results for simple geometries with void region},
  journal      = {Progress in Nuclear Energy},
  year         = {2001},
  volume       = {39},
  number       = {2},
  pages        = {119--144},
  date         = {2001},
  file         = {:kobayashi-3d-2001.pdf:PDF},
  journaltitle = {Progress in Nuclear Energy},
  owner        = {brbass},
  publisher    = {Elsevier},
  timestamp    = {2017.12.08},
}

@Misc{brewer-benchmark-1995,
  author       = {Brewer, Roger W.},
  title        = {Benchmark Critical Experiment of a Thorium Reflected Plutonium Sphere},
  howpublished = {Los Alamos National Laboratory Report LA-UR-94-3275},
  date         = {1995},
  owner        = {brbass},
  timestamp    = {2017.12.09},
}

@Article{chadwick-endf/b-2011,
  author       = {Chadwick, MB and Herman, M and Oblo{\v{z}}insk{\`y}, P and Dunn, Michael E and Danon, Y and Kahler, AC and Smith, Donald L and Pritychenko, B and Arbanas, Goran and Arcilla, R and others},
  title        = {{ENDF/B-VII}. 1 nuclear data for science and technology: cross sections, covariances, fission product yields and decay data},
  volume       = {112},
  number       = {12},
  pages        = {2887--2996},
  date         = {2011},
  journaltitle = {Nuclear Data Sheets},
  owner        = {brbass},
  publisher    = {Elsevier},
  timestamp    = {2017.12.09},
}

@Article{godfrey-vera-2014,
  author       = {Godfrey, Andrew T},
  title        = {VERA core physics benchmark progression problem specifications},
  journal      = {Consortium for Advanced Simulation of LWRs},
  year         = {2014},
  date         = {2014},
  file         = {:godfrey-vera-2014.pdf:PDF},
  journaltitle = {Consortium for Advanced Simulation of LWRs},
  owner        = {brbass},
  timestamp    = {2017.12.09},
}

@Article{warsa-krylov-2004,
  author    = {Warsa, James S and Wareing, Todd A and Morel, Jim E and McGhee, John M and Lehoucq, Richard B},
  title     = {{K}rylov subspace iterations for deterministic $k$-eigenvalue calculations},
  journal   = {Nuclear Science and Engineering},
  year      = {2004},
  volume    = {147},
  number    = {1},
  pages     = {26--42},
  file      = {:warsa-krylov-2004.pdf:PDF},
  owner     = {brbass},
  publisher = {Taylor \& Francis},
  timestamp = {2017.12.18},
}

@Article{belytschko-element-1994,
  author        = {Belytschko, Ted and Lu, Yun Yun and Gu, Lei},
  title         = {Element-free {G}alerkin methods},
  journal       = {International Journal for Numerical Methods in Engineering},
  year          = {1994},
  volume        = {37},
  number        = {2},
  pages         = {229--256},
  __markedentry = {[brbass:2]},
  file          = {:belytschko-element-1994.pdf:PDF},
  owner         = {brbass},
  publisher     = {Wiley Online Library},
  timestamp     = {2017.12.18},
}

@Article{kashi-mesh-2017,
  author    = {Kashi, S and Minuchehr, A and Zolfaghari, A and Rokrok, B},
  title     = {Mesh-free method for numerical solution of the multi-group discrete ordinate neutron transport equation},
  journal   = {Annals of Nuclear Energy},
  year      = {2017},
  volume    = {106},
  pages     = {51--63},
  file      = {:kashi-mesh-2017.pdf:PDF},
  owner     = {brbass},
  publisher = {Elsevier},
  timestamp = {2017.05.03},
}

@Article{kim-chebyshev-2002,
  author    = {Kim, Arnold D and Moscoso, Miguel},
  title     = {{C}hebyshev spectral methods for radiative transfer},
  journal   = {SIAM Journal on scientific computing},
  year      = {2002},
  volume    = {23},
  number    = {6},
  pages     = {2074--2094},
  file      = {:kim-chebyshev-2002.pdf:PDF},
  owner     = {brbass},
  publisher = {SIAM},
  timestamp = {2017.05.05},
}

@Article{kindelan-application-2010,
  author    = {Kindelan, Manuel and Bernal, Francisco and Gonz{\'a}lez-Rodr{\'\i}guez, Pedro and Moscoso, Miguel},
  title     = {Application of the {RBF} meshless method to the solution of the radiative transport equation},
  journal   = {Journal of Computational Physics},
  year      = {2010},
  volume    = {229},
  number    = {5},
  pages     = {1897--1908},
  file      = {:kindelan-application-2010.pdf:PDF},
  owner     = {brbass},
  publisher = {Elsevier},
  timestamp = {2017.05.03},
}

@Article{lin-meshless-2000,
  author    = {Lin, H and Atluri, SN},
  title     = {Meshless local {P}etrov-{G}alerkin method for convection-diffusion problems},
  journal   = {CMES (Computer Modelling in Engineering \& Sciences)},
  year      = {2000},
  volume    = {1},
  number    = {2},
  pages     = {45--60},
  file      = {:lin-meshless-2000.pdf:PDF},
  owner     = {brbass},
  timestamp = {2017.05.05},
}

@Article{liu-meshless-2007,
  author    = {Liu, LH and Tan, JY},
  title     = {Meshless local {P}etrov-{G}alerkin approach for coupled radiative and conductive heat transfer},
  journal   = {International journal of thermal sciences},
  year      = {2007},
  volume    = {46},
  number    = {7},
  pages     = {672--681},
  file      = {:liu-meshless-2007.pdf:PDF},
  owner     = {brbass},
  publisher = {Elsevier},
  timestamp = {2017.05.05},
}

@Article{liu-least-2007,
  author    = {Liu, LH and Tan, JY},
  title     = {Least-squares collocation meshless approach for radiative heat transfer in absorbing and scattering media},
  journal   = {Journal of Quantitative Spectroscopy and Radiative Transfer},
  year      = {2007},
  volume    = {103},
  number    = {3},
  pages     = {545--557},
  file      = {:liu-least-2007.pdf:PDF},
  owner     = {brbass},
  publisher = {Elsevier},
  timestamp = {2017.05.05},
}

@Article{ritchie-use-1997,
  author    = {Ritchie, Burke and Dykema, Pieter G and Braddy, Dennis},
  title     = {Use of fast {F}ourier transform computational methods in radiation transport},
  journal   = {Physical Review E},
  year      = {1997},
  volume    = {56},
  number    = {2},
  pages     = {2217},
  file      = {:ritchie-use-1997.pdf:PDF},
  owner     = {brbass},
  publisher = {APS},
  timestamp = {2017.05.05},
}

@Article{rokrok-element-2012,
  author    = {Rokrok, B and Minuchehr, H and Zolfaghari, A},
  title     = {Element-free {G}alerkin modeling of neutron diffusion equation in X--Y geometry},
  journal   = {Annals of Nuclear Energy},
  year      = {2012},
  volume    = {43},
  pages     = {39--48},
  file      = {:rokrok-element-2012.pdf:PDF},
  owner     = {brbass},
  publisher = {Elsevier},
  timestamp = {2017.05.05},
}

@Article{sadat-use-2006,
  author    = {Sadat, Hamou},
  title     = {On the use of a meshless method for solving radiative transfer with the discrete ordinates formulations},
  journal   = {Journal of Quantitative Spectroscopy and Radiative Transfer},
  year      = {2006},
  volume    = {101},
  number    = {2},
  pages     = {263--268},
  file      = {:sadat-use-2006.pdf:PDF},
  owner     = {brbass},
  publisher = {Elsevier},
  timestamp = {2017.05.05},
}

@Article{sadat-meshless-2012,
  author    = {Sadat, Hamou and Wang, Cheng-An and Le Dez, Vital},
  title     = {Meshless method for solving coupled radiative and conductive heat transfer in complex multi-dimensional geometries},
  journal   = {Applied Mathematics and Computation},
  year      = {2012},
  volume    = {218},
  number    = {20},
  pages     = {10211--10225},
  file      = {:sadat-meshless-2012.pdf:PDF},
  owner     = {brbass},
  publisher = {Elsevier},
  timestamp = {2017.05.05},
}

@Article{tanbay-numerical-2013,
  author    = {Tanbay, Tayfun and Ozgener, Bilge},
  title     = {Numerical solution of the multigroup neutron diffusion equation by the meshless {RBF} collocation method},
  journal   = {Mathematical and Computational Applications},
  year      = {2013},
  volume    = {18},
  number    = {3},
  pages     = {399--407},
  file      = {:tanbay-numerical-2013.pdf:PDF},
  owner     = {brbass},
  publisher = {Multidisciplinary Digital Publishing Institute},
  timestamp = {2017.05.05},
}

@Article{wang-meshless-2010,
  author    = {Wang, Cheng-An and Sadat, Hamou and Ledez, Vital and Lemonnier, Denis},
  title     = {Meshless method for solving radiative transfer problems in complex two-dimensional and three-dimensional geometries},
  journal   = {International Journal of Thermal Sciences},
  year      = {2010},
  volume    = {49},
  number    = {12},
  pages     = {2282--2288},
  file      = {:wang-meshless-2010.pdf:PDF},
  owner     = {brbass},
  publisher = {Elsevier},
  timestamp = {2017.05.05},
}

@Article{zhao-second-2013,
  author    = {Zhao, JM and Tan, JY and Liu, LH},
  title     = {A second order radiative transfer equation and its solution by meshless method with application to strongly inhomogeneous media},
  journal   = {Journal of Computational Physics},
  year      = {2013},
  volume    = {232},
  number    = {1},
  pages     = {431--455},
  file      = {:zhao-second-2013.pdf:PDF},
  owner     = {brbass},
  publisher = {Elsevier},
  timestamp = {2017.12.18},
}

@Book{liu-introduction-2005,
  title     = {An introduction to meshfree methods and their programming},
  publisher = {Springer Science \& Business Media},
  year      = {2005},
  author    = {Liu, Gui-Rong and Gu, Yuan-Tong},
  file      = {:liu-introduction-2005.pdf:PDF},
  owner     = {brbass},
  timestamp = {2017.12.18},
}

@InProceedings{fasshauer-solving-1996,
  author       = {Fasshauer, Gregory E},
  title        = {Solving partial differential equations by collocation with radial basis functions},
  booktitle    = {Proceedings of Chamonix},
  year         = {1996},
  volume       = {1997},
  pages        = {1--8},
  organization = {Citeseer},
  file         = {:./fasshauer-solving-1996.pdf:PDF},
  owner        = {brbass},
  timestamp    = {2015.09.14},
}

@Article{kansa-multiquadrics-1990,
  author        = {Kansa, Edward J},
  title         = {Multiquadrics---A scattered data approximation scheme with applications to computational fluid-dynamics---II solutions to parabolic, hyperbolic and elliptic partial differential equations},
  journal       = {Computers \& Mathematics with Applications},
  year          = {1990},
  volume        = {19},
  number        = {8},
  pages         = {147--161},
  __markedentry = {[brbass:2]},
  file          = {:./kansa-multiquadrics-1990.pdf:PDF},
  owner         = {brbass},
  publisher     = {Elsevier},
  timestamp     = {2015.09.21},
}

@Article{fornberg-runge-2007,
  author    = {Fornberg, Bengt and Zuev, Julia},
  title     = {The {R}unge phenomenon and spatially variable shape parameters in {RBF} interpolation},
  journal   = {Computers \& Mathematics with Applications},
  year      = {2007},
  volume    = {54},
  number    = {3},
  pages     = {379--398},
  file      = {:fornberg-runge-2007.pdf:PDF},
  owner     = {brbass},
  publisher = {Elsevier},
  timestamp = {2017.12.18},
}

@Article{dehghan-meshless-2009,
  author    = {Dehghan, Mehdi and Shokri, Ali},
  title     = {A meshless method for numerical solution of a linear hyperbolic equation with variable coefficients in two space dimensions},
  journal   = {Numerical Methods for Partial Differential Equations},
  year      = {2009},
  volume    = {25},
  number    = {2},
  pages     = {494--506},
  file      = {:dehghan-meshless-2009.pdf:PDF},
  owner     = {brbass},
  publisher = {Wiley Online Library},
  timestamp = {2017.12.18},
}

@Article{li-domain-2004,
  author    = {Li, Jichun and Hon, YC},
  title     = {Domain decomposition for radial basis meshless methods},
  journal   = {Numerical Methods for Partial Differential Equations},
  year      = {2004},
  volume    = {20},
  number    = {3},
  pages     = {450--462},
  file      = {:li-domain-2004.pdf:PDF},
  owner     = {brbass},
  publisher = {Wiley Online Library},
  timestamp = {2017.12.18},
}

@Article{nguyen-meshless-2008,
  author    = {Nguyen, Vinh Phu and Rabczuk, Timon and Bordas, St{\'e}phane and Duflot, Marc},
  title     = {Meshless methods: a review and computer implementation aspects},
  journal   = {Mathematics and Computers in Simulation},
  year      = {2008},
  volume    = {79},
  number    = {3},
  pages     = {763--813},
  file      = {:nguyen-meshless-2008.pdf:PDF},
  owner     = {brbass},
  publisher = {Elsevier},
  timestamp = {2017.12.18},
}

@Book{lewis-computational-1984,
  title     = {Computational methods of neutron transport},
  publisher = {John Wiley and Sons, Inc., New York, NY},
  year      = {1984},
  author    = {Lewis, Elmer Eugene and Miller, Warren F},
  owner     = {brbass},
  timestamp = {2017.12.18},
}

@TechReport{wang-nonlinear-2013,
  author      = {Wang, Yaqi},
  title       = {Nonlinear diffusion acceleration for the multigroup transport equation discretized with {$S_N$} and continuous {FEM} with {R}attlesnake},
  institution = {American Nuclear Society},
  year        = {2013},
  file        = {:wang-nonlinear-2013.pdf:PDF},
  owner       = {brbass},
  timestamp   = {2017.12.18},
}

@Article{adams-discontinuous-2001,
  author    = {Adams, Marvin L},
  title     = {Discontinuous finite element transport solutions in thick diffusive problems},
  journal   = {Nuclear Science and Engineering},
  year      = {2001},
  volume    = {137},
  number    = {3},
  pages     = {298--333},
  file      = {:adams-discontinuous-2001.pdf:PDF},
  owner     = {brbass},
  publisher = {Taylor \& Francis},
  timestamp = {2017.12.22},
}

@PhdThesis{liu-discrete-2015,
  author    = {Liu, Changyuan},
  title     = {Discrete ordinates methods for transport problems with curved spatial grids.},
  school    = {University of Michigan},
  year      = {2015},
  file      = {:liu-discrete-2015.pdf:PDF},
  owner     = {brbass},
  timestamp = {2017.12.22},
}

@InProceedings{schunert-approximate-2017,
  author    = {Schunert, Sebastian and Wang, Yaqi and Laboure, Vincent and Ortensi, Javier and DeHart, Mark},
  title     = {Approximate Transport Sweeps for {DFEM} on Higher Order Meshes with Spatially Varying Cross Sections},
  booktitle = {Transactions of the American Nuclear Society, Vol. 117},
  year      = {2017},
  file      = {:schunert-approximate-2017.pdf:PDF},
  owner     = {brbass},
  timestamp = {2017.12.22},
}

@MastersThesis{woods-high-2016,
  author    = {Woods, Douglas N},
  title     = {High order finite elements {$S_N$} transport in {X-Y} geometry on meshes with curved surfaces in the thick diffusion limit},
  school    = {Oregon State University},
  year      = {2016},
  file      = {:woods-high-2016.pdf:PDF},
  owner     = {brbass},
  timestamp = {2017.12.22},
}

@InProceedings{brown-direct-2003,
  author    = {Brown, Forrest B and Martin, William R},
  title     = {Direct sampling of {M}onte {C}arlo flight paths in media with continuously varying cross-sections},
  booktitle = {Proc. ANS Mathematics \& Computation Topical Meeting},
  year      = {2003},
  volume    = {2},
  file      = {:brown-direct-2003.pdf:PDF},
  owner     = {brbass},
  timestamp = {2017.12.22},
}

@Article{ellis-preliminary-2017,
  author    = {Ellis, Matthew and Gaston, Derek and Forget, Benoit and Smith, Kord},
  title     = {Preliminary coupling of the {M}onte {C}arlo code {OpenMC} and the {M}ultiphysics {O}bject-{O}riented {S}imulation {E}nvironment for analyzing {D}oppler feedback in {M}onte {C}arlo simulations},
  journal   = {Nuclear Science and Engineering},
  year      = {2017},
  volume    = {185},
  number    = {1},
  pages     = {184--193},
  file      = {:ellis-preliminary-2017.pdf:PDF},
  owner     = {brbass},
  publisher = {Taylor \& Francis},
  timestamp = {2017.12.22},
}

@Article{warsa-krylov-2004a,
  author    = {Warsa, James S and Wareing, Todd A and Morel, Jim E},
  title     = {{K}rylov iterative methods and the degraded effectiveness of diffusion synthetic acceleration for multidimensional {$S_N$} calculations in problems with material discontinuities},
  journal   = {Nuclear Science and Engineering},
  year      = {2004},
  volume    = {147},
  number    = {3},
  pages     = {218--248},
  file      = {:warsa-krylov-2004a.pdf:PDF},
  owner     = {brbass},
  publisher = {Taylor \& Francis},
  timestamp = {2017.12.29},
}

@Misc{fries-review-2004,
  author    = {Fries, TP and Matthies, HG},
  title     = {A Review of Petrov-Galerkin Stabilization Approaches and an Extension to Meshfree Methods. Informatikbericht-Nr. 2004-01, Technical University of Braunschweig},
  year      = {2004},
  owner     = {brbass},
  timestamp = {2018.03.04},
}

@Article{bentley-multidimensional-1975,
  author    = {Bentley, Jon Louis},
  title     = {Multidimensional binary search trees used for associative searching},
  journal   = {Communications of the ACM},
  year      = {1975},
  volume    = {18},
  number    = {9},
  pages     = {509--517},
  file      = {:bentley-multidimensional-1975.pdf:PDF},
  owner     = {brbass},
  publisher = {ACM},
  timestamp = {2018.03.05},
}

@Book{chen-recent-2014,
  title     = {Recent advances in radial basis function collocation methods},
  publisher = {Springer},
  year      = {2014},
  author    = {Chen, Wen and Fu, Zhuo-Jia and Chen, Ching-Shyang},
  owner     = {brbass},
  timestamp = {2018.03.08},
}

@Article{turpault-consistent-2005,
  author    = {Turpault, Rodolphe},
  title     = {A consistent multigroup model for radiative transfer and its underlying mean opacities},
  journal   = {Journal of Quantitative Spectroscopy and Radiative Transfer},
  year      = {2005},
  volume    = {94},
  number    = {3-4},
  pages     = {357--371},
  file      = {:turpault-consistent-2005.pdf:PDF},
  owner     = {brbass},
  publisher = {Elsevier},
  timestamp = {2018.03.11},
}

@Article{briggs-international-2003,
  author    = {Briggs, J Blair and Scott, Lori and Nouri, Ali},
  title     = {The {I}nternational {C}riticality {S}afety {B}enchmark {E}valuation {P}roject},
  journal   = {Nuclear Science and Engineering},
  year      = {2003},
  volume    = {145},
  number    = {1},
  pages     = {1--10},
  owner     = {brbass},
  publisher = {Taylor \& Francis},
  timestamp = {2018.03.15},
}

@Book{bergman-fundamentals-2011,
  title     = {Fundamentals of heat and mass transfer},
  publisher = {John Wiley \& Sons},
  year      = {2011},
  author    = {Bergman, Theodore L and Incropera, Frank P and DeWitt, David P and Lavine, Adrienne S},
  owner     = {brbass},
  timestamp = {2018.03.10},
}

@Book{cacuci-handbook-2010,
  title     = {Handbook of Nuclear Engineering: Vol. 1: Nuclear Engineering Fundamentals; Vol. 2: Reactor Design; Vol. 3: Reactor Analysis; Vol. 4: Reactors of Generations III and IV; Vol. 5: Fuel Cycles, Decommissioning, Waste Disposal and Safeguards},
  publisher = {Springer Science \& Business Media},
  year      = {2010},
  author    = {Cacuci, Dan Gabriel},
  owner     = {brbass},
  timestamp = {2018.03.10},
}

@Article{cullen-exact-1976,
  author    = {Cullen, Dermott E and Weisbin, Charles R},
  title     = {Exact Doppler broadening of tabulated cross sections},
  journal   = {Nuclear Science and Engineering},
  year      = {1976},
  volume    = {60},
  number    = {3},
  pages     = {199--229},
  owner     = {brbass},
  publisher = {Taylor \& Francis},
  timestamp = {2018.03.16},
}

@Article{yesilyurt-fly-2012,
  author    = {Yesilyurt, Gokhan and Martin, William R and Brown, Forrest B},
  title     = {On-the-fly Doppler broadening for Monte Carlo codes},
  journal   = {Nuclear Science and Engineering},
  year      = {2012},
  volume    = {171},
  number    = {3},
  pages     = {239--257},
  owner     = {brbass},
  publisher = {Taylor \& Francis},
  timestamp = {2018.03.16},
}

@Misc{wolfram-mathematica,
  author = {Wolfram Research{,} Inc.},
  title  = {Mathematica, {V}ersion 10.0},
  note   = {Champaign, IL, 2018},
}

@TechReport{salari-code-2000,
  author      = {Salari, Kambiz and Knupp, Patrick},
  title       = {Code verification by the method of manufactured solutions},
  institution = {Sandia National Labs., Albuquerque, NM (US); Sandia National Labs., Livermore, CA (US)},
  year        = {2000},
  owner       = {brbass},
  timestamp   = {2018.03.27},
}

@Article{madland-total-2006,
  author    = {Madland, DG},
  title     = {Total prompt energy release in the neutron-induced fission of 235U, 238U, and 239Pu},
  journal   = {Nuclear Physics A},
  year      = {2006},
  volume    = {772},
  number    = {3-4},
  pages     = {113--137},
  owner     = {brbass},
  publisher = {Elsevier},
  timestamp = {2018.03.27},
}

@Book{stacey-nuclear-2018,
  title     = {Nuclear reactor physics},
  publisher = {John Wiley \& Sons},
  year      = {2018},
  author    = {Stacey, Weston M},
  owner     = {brbass},
  timestamp = {2018.03.27},
}

@Book{agency-thermophysical-2006,
  title     = {Thermophysical properties database of materials for light water reactors and heavy water reactors},
  publisher = {International Atomic Energy Agency},
  year      = {2006},
  author    = {International Atomic Energy Agency},
  owner     = {brbass},
  timestamp = {2018.03.28},
}

@Book{bird-transport-2002,
  title     = {Transport {P}henomena, 2nd {E}dition},
  publisher = {New York: Wiley},
  year      = {2002},
  author    = {Bird, R Byron and Stewart, Warren E and Lightfoot, Edwin N},
  owner     = {brbass},
  timestamp = {2018.03.28},
}

@Article{lassmann-revised-1987,
  author    = {Lassmann, K and Hohlefeld, F},
  title     = {The revised URGAP model to describe the gap conductance between fuel and cladding},
  journal   = {Nuclear Engineering and Design},
  year      = {1987},
  volume    = {103},
  number    = {2},
  pages     = {215--221},
  owner     = {brbass},
  publisher = {Elsevier},
  timestamp = {2018.03.28},
}

@Book{pioro-handbook-2016,
  title     = {Handbook of generation IV nuclear reactors},
  publisher = {Woodhead Publishing},
  year      = {2016},
  author    = {Pioro, Igor},
  owner     = {brbass},
  timestamp = {2018.03.28},
}

@Article{de-method-2001,
  author    = {De, Suvranu and Bathe, Klaus-J{\"u}rgen},
  title     = {The method of finite spheres with improved numerical integration},
  journal   = {Computers \& Structures},
  year      = {2001},
  volume    = {79},
  number    = {22-25},
  pages     = {2183--2196},
  owner     = {brbass},
  publisher = {Elsevier},
  timestamp = {2018.04.03},
}

@Article{racz-novel-2012,
  author    = {Racz, Donat and Bui, Tinh Quoc},
  title     = {Novel adaptive meshfree integration techniques in meshless methods},
  journal   = {International Journal for Numerical Methods in Engineering},
  year      = {2012},
  volume    = {90},
  number    = {11},
  pages     = {1414--1434},
  file      = {:racz-novel-2012.pdf:PDF},
  owner     = {brbass},
  publisher = {Wiley Online Library},
  timestamp = {2018.04.03},
}

@Article{atluri-new-1998,
  author        = {Atluri, Satya N and Zhu, Tulong},
  title         = {A new meshless local Petrov-Galerkin (MLPG) approach in computational mechanics},
  journal       = {Computational Mechanics},
  year          = {1998},
  volume        = {22},
  number        = {2},
  pages         = {117--127},
  __markedentry = {[brbass:2]},
  file          = {:atluri-new-1998.pdf:PDF},
  owner         = {brbass},
  publisher     = {Springer},
  timestamp     = {2018.04.03},
}

@Article{khosravifard-new-2010,
  author    = {Khosravifard, Amir and Hematiyan, Mohammad Rahim},
  title     = {A new method for meshless integration in 2D and 3D Galerkin meshfree methods},
  journal   = {Engineering Analysis with Boundary Elements},
  year      = {2010},
  volume    = {34},
  number    = {1},
  pages     = {30--40},
  file      = {:khosravifard-new-2010.pdf:PDF},
  owner     = {brbass},
  publisher = {Elsevier},
  timestamp = {2018.04.03},
}

@MastersThesis{madhavan-numerical-2010,
  author    = {Madhavan, Pravin},
  title     = {Numerical Integration in Meshfree Methods},
  school    = {University of Oxford},
  year      = {2010},
  owner     = {brbass},
  timestamp = {2018.04.03},
}

@Article{unit-watts,
  author    = {Watts Bar Unit},
  title     = {Watts {Bar Nuclear Plant, Unit 2 - Amendment 99 to Final Safety Analysis Report (FSAR), Section 4, ML101610356}},
  journal   = {URL: https://www.nrc.gov/docs/ML1016/ML101610356.pdf},
  year      = {2010},
  file      = {:unit-watts.pdf:PDF},
  owner     = {brbass},
  timestamp = {2018.04.06},
}

@TechReport{stimpson-assessment-2015,
  author      = {Stimpson, Shane G and Powers, Jeffrey J and Clarno, Kevin T and Pawlowski, Roger and Bratton, Ryan},
  title       = {Assessment of Pellet-Clad Interaction Indicators in {Watts Bar Unit 1} using the {VERA Framework}},
  institution = {Oak Ridge National Laboratory (ORNL)},
  year        = {2015},
  file        = {:stimpson-assessment-2015.pdf:PDF;:1223671.pdf:PDF},
  owner       = {brbass},
  timestamp   = {2018.04.06},
}

@Book{duderstadt-nuclear-1976,
  title     = {Nuclear reactor analysis},
  publisher = {Wiley New York},
  year      = {1976},
  author    = {Duderstadt, James J and Hamilton, Louis J},
  volume    = {1},
  owner     = {brbass},
  timestamp = {2018.04.06},
}

@TechReport{wang-convergence-2015,
  author      = {Wang, Yaqi and DeHart, Mark David and Gaston, Derek Ray and Gleicher, Frederick Nathan and Martineau, Richard Charles and Peterson, John William and Schunert, Sebastian},
  title       = {Convergence study of {R}attlesnake solutions for the two-dimensional {C5G7} {MOX} benchmark},
  institution = {Idaho National Laboratory (INL), Idaho Falls, ID (United States)},
  year        = {2015},
  file        = {:wang-convergence-2015.pdf:PDF},
  owner       = {brbass},
  timestamp   = {2018.04.08},
}

@Article{yang-boomeramg:-2002,
  author    = {Henson, Van Emden and Yang, Ulrike Meier},
  title     = {BoomerAMG: a parallel algebraic multigrid solver and preconditioner},
  journal   = {Applied Numerical Mathematics},
  year      = {2002},
  volume    = {41},
  number    = {1},
  pages     = {155--177},
  file      = {:yang-boomeramg_-2002.pdf:PDF},
  owner     = {brbass},
  publisher = {Elsevier},
  timestamp = {2018.04.08},
}

@Article{alcouffe-diffusion-1977,
  author    = {Alcouffe, Raymond E},
  title     = {Diffusion synthetic acceleration methods for the diamond-differenced discrete-ordinates equations},
  journal   = {Nuclear Science and Engineering},
  year      = {1977},
  volume    = {64},
  number    = {2},
  pages     = {344--355},
  owner     = {brbass},
  publisher = {Taylor \& Francis},
  timestamp = {2018.04.08},
}

@Article{calef-nonlinear-2013,
  author    = {Calef, Matthew T and Fichtl, Erin D and Warsa, James S and Berndt, Markus and Carlson, Neil N},
  title     = {Nonlinear Krylov acceleration applied to a discrete ordinates formulation of the k-eigenvalue problem},
  journal   = {Journal of Computational Physics},
  year      = {2013},
  volume    = {238},
  pages     = {188--209},
  file      = {:calef-nonlinear-2013.pdf:PDF},
  owner     = {brbass},
  publisher = {Elsevier},
  timestamp = {2018.04.08},
}

@Article{dagum-openmp-1998,
  author    = {Dagum, Leonardo and Menon, Ramesh},
  title     = {{OpenMP}: an industry standard {API} for shared-memory programming},
  journal   = {IEEE Computational Science and Engineering},
  year      = {1998},
  volume    = {5},
  number    = {1},
  pages     = {46--55},
  owner     = {brbass},
  publisher = {IEEE},
  timestamp = {2018.04.08},
}

@Article{wu-meshless-2008,
  author    = {Wu, Xue-Hong and Tao, Wen-Quan},
  title     = {Meshless method based on the local weak-forms for steady-state heat conduction problems},
  journal   = {International Journal of Heat and Mass Transfer},
  year      = {2008},
  volume    = {51},
  number    = {11-12},
  pages     = {3103--3112},
  file      = {:wu-meshless-2008.pdf:PDF},
  owner     = {brbass},
  publisher = {Elsevier},
  timestamp = {2018.04.09},
}

@Article{zerroukat-numerical-1998,
  author    = {Zerroukat, M and Power, H and Chen, CS},
  title     = {A numerical method for heat transfer problems using collocation and radial basis functions},
  journal   = {International Journal for Numerical Methods in Engineering},
  year      = {1998},
  volume    = {42},
  number    = {7},
  pages     = {1263--1278},
  file      = {:zerroukat-numerical-1998.pdf:PDF},
  owner     = {brbass},
  publisher = {Wiley Online Library},
  timestamp = {2018.04.09},
}

@Book{minkowycz-handbook-2009,
  title     = {Handbook of numerical heat transfer},
  publisher = {John Wiley \& Sons, Inc.},
  year      = {2009},
  author    = {Minkowycz, WJ and Sparrow, Ephraim M and Murthy, Jayathi Y and Abraham, John P},
  file      = {:minkowycz-handbook-2009.pdf:PDF},
  owner     = {brbass},
  timestamp = {2018.04.09},
}

@InProceedings{yan-coupled-2011,
  author    = {Yan, Jin and Kochunas, Brendan and Hursin, Mathieu and Downar, Thomas and Karoutas, Zeses and Baglietto, Emilio},
  title     = {Coupled computational fluid dynamics and {MOC} neutronic simulations of Westinghouse {PWR} fuel assemblies with grid spacers},
  booktitle = {The 14th International Topical Meeting on Nuclear Reactor Thermalhydraulics},
  year      = {2011},
  file      = {:yan-coupled-2011.pdf:PDF},
  owner     = {brbass},
  timestamp = {2018.04.09},
}

@Article{gaston-physics-2015,
  author    = {Gaston, Derek R and Permann, Cody J and Peterson, John W and Slaughter, Andrew E and Andr{\v{s}}, David and Wang, Yaqi and Short, Michael P and Perez, Danielle M and Tonks, Michael R and Ortensi, Javier and others},
  title     = {Physics-based multiscale coupling for full core nuclear reactor simulation},
  journal   = {Annals of Nuclear Energy},
  year      = {2015},
  volume    = {84},
  pages     = {45--54},
  file      = {:gaston-physics-2015.pdf:PDF},
  owner     = {brbass},
  publisher = {Elsevier},
  timestamp = {2018.04.09},
}

@Article{hales-advanced-2015,
  author    = {Hales, JD and Tonks, MR and Gleicher, FN and Spencer, BW and Novascone, SR and Williamson, RL and Pastore, G and Perez, DM},
  title     = {Advanced multiphysics coupling for {LWR} fuel performance analysis},
  journal   = {Annals of Nuclear Energy},
  year      = {2015},
  volume    = {84},
  pages     = {98--110},
  file      = {:hales-advanced-2015.pdf:PDF},
  owner     = {brbass},
  publisher = {Elsevier},
  timestamp = {2018.04.09},
}

@Article{swinbank-fibonacci-2006,
  author    = {Swinbank, Richard and James Purser, R},
  title     = {Fibonacci grids: A novel approach to global modelling},
  journal   = {Quarterly Journal of the Royal Meteorological Society},
  year      = {2006},
  volume    = {132},
  number    = {619},
  pages     = {1769--1793},
  file      = {:swinbank-fibonacci-2006.pdf:PDF},
  owner     = {brbass},
  publisher = {Wiley Online Library},
  timestamp = {2018.04.10},
}

@InProceedings{bassett-localized-2016,
  author    = {Bassett, Brody and Kiedrowski, Brian},
  title     = {Localized radial basis functions for radiation transport in slab geometry},
  booktitle = {Transactions of the American Nuclear Society, Vol. 115},
  year      = {2016},
  owner     = {brbass},
  timestamp = {2017.12.22},
}

@Article{mousavi-generalized-2010,
  author    = {Mousavi, SE and Sukumar, N},
  title     = {Generalized Gaussian quadrature rules for discontinuities and crack singularities in the extended finite element method},
  journal   = {Computer Methods in Applied Mechanics and Engineering},
  year      = {2010},
  volume    = {199},
  number    = {49-52},
  pages     = {3237--3249},
  owner     = {brbass},
  publisher = {Elsevier},
  timestamp = {2018.04.15},
}

@Article{breitkopf-introduction-2002,
  author    = {Breitkopf, Piotr and Rassineux, Alain and Villon, Pierre},
  title     = {An introduction to moving least squares meshfree methods},
  journal   = {Revue Europ{\'e}enne des {\'E}l{\'e}ments Finis},
  year      = {2002},
  volume    = {11},
  number    = {7-8},
  pages     = {825--867},
  owner     = {brbass},
  publisher = {Taylor \& Francis},
  timestamp = {2018.04.15},
}

@Article{wagner-automatic-1998,
  author    = {Wagner, John C and Haghighat, Alireza},
  title     = {Automated Variance Reduction of Monte Carlo Shielding Calculations Using the Discrete Ordinates Adjoint Function},
  journal   = {Nuclear Science and Engineering},
  year      = {1998},
  volume    = {128},
  number    = {2},
  pages     = {186-208},
  doi       = {10.13182/NSE98-2},
  file      = {:wagner-automatic-1997.pdf:PDF},
  owner     = {brbass},
  publisher = {Taylor \& Francis},
  timestamp = {2018.04.17},
}

@Article{gingold-smoothed-1977,
  author        = {Gingold, Robert A and Monaghan, Joseph J},
  title         = {Smoothed particle hydrodynamics: theory and application to non-spherical stars},
  journal       = {Monthly Notices of the Royal Astronomical Society},
  year          = {1977},
  volume        = {181},
  number        = {3},
  pages         = {375--389},
  __markedentry = {[brbass:2]},
  owner         = {brbass},
  publisher     = {Oxford University Press Oxford, UK},
  timestamp     = {2018.05.08},
}

@Article{lucy-numerical-1977,
  author        = {Lucy, Leon B},
  title         = {A numerical approach to the testing of the fission hypothesis},
  journal       = {The Astronomical Journal},
  year          = {1977},
  volume        = {82},
  pages         = {1013--1024},
  __markedentry = {[brbass:2]},
  owner         = {brbass},
  timestamp     = {2018.05.08},
}

@Article{liu-smoothed-2010,
  author        = {Liu, MB and Liu, GR},
  title         = {Smoothed particle hydrodynamics ({SPH}): an overview and recent developments},
  journal       = {Archives of Computational Methods in Engineering},
  year          = {2010},
  volume        = {17},
  number        = {1},
  pages         = {25--76},
  __markedentry = {[brbass:2]},
  owner         = {brbass},
  publisher     = {Springer},
  timestamp     = {2018.05.08},
}

@Article{liu-reproducing-1995,
  author        = {Liu, Wing Kam and Jun, Sukky and Li, Shaofan and Adee, Jonathan and Belytschko, Ted},
  title         = {Reproducing kernel particle methods for structural dynamics},
  journal       = {International Journal for Numerical Methods in Engineering},
  year          = {1995},
  volume        = {38},
  number        = {10},
  pages         = {1655--1679},
  __markedentry = {[brbass:2]},
  owner         = {brbass},
  publisher     = {Wiley Online Library},
  timestamp     = {2018.05.08},
}

@Article{onate-finite-1996,
  author        = {Onate, E and Idelsohn, S and Zienkiewicz, OC and Taylor, RL},
  title         = {A finite point method in computational mechanics: Applications to convective transport and fluid flow},
  journal       = {International Journal for Numerical Methods in Engineering},
  year          = {1996},
  volume        = {39},
  number        = {22},
  pages         = {3839--3866},
  __markedentry = {[brbass:2]},
  owner         = {brbass},
  publisher     = {Wiley Online Library},
  timestamp     = {2018.05.08},
}

@Article{liu-point-2001,
  author        = {Liu, Gui-Rong and Gu, YuanTong},
  title         = {A point interpolation method for two-dimensional solids},
  journal       = {International Journal for Numerical Methods in Engineering},
  year          = {2001},
  volume        = {50},
  number        = {4},
  pages         = {937--951},
  __markedentry = {[brbass:2]},
  owner         = {brbass},
  publisher     = {John Wiley \& Sons},
  timestamp     = {2018.05.08},
}

@Article{nayroles-generalizing-1992,
  author        = {Nayroles, B and Touzot, G and Villon, P},
  title         = {Generalizing the finite element method: diffuse approximation and diffuse elements},
  journal       = {Computational Mechanics},
  year          = {1992},
  volume        = {10},
  number        = {5},
  pages         = {307--318},
  __markedentry = {[brbass:2]},
  owner         = {brbass},
  publisher     = {Springer},
  timestamp     = {2018.05.08},
}

@Article{gu-boundary-2002,
  author        = {Gu, YT and Liu, GR},
  title         = {A boundary point interpolation method for stress analysis of solids},
  journal       = {Computational Mechanics},
  year          = {2002},
  volume        = {28},
  number        = {1},
  pages         = {47--54},
  __markedentry = {[brbass:2]},
  owner         = {brbass},
  publisher     = {Springer},
  timestamp     = {2018.05.08},
}

@Book{liu-meshfree-2009,
  title         = {Meshfree methods: moving beyond the finite element method},
  publisher     = {Taylor \& Francis},
  year          = {2009},
  author        = {Liu, Gui-Rong},
  __markedentry = {[brbass:2]},
  owner         = {brbass},
  timestamp     = {2018.05.08},
}

@Article{hirt-arbitrary-1974,
  author        = {Hirt, CW and Amsden, Anthony A and Cook, JL},
  title         = {An arbitrary {L}agrangian-{E}ulerian computing method for all flow speeds},
  journal       = {Journal of Computational Physics},
  year          = {1974},
  volume        = {14},
  number        = {3},
  pages         = {227--253},
  __markedentry = {[brbass:2]},
  owner         = {brbass},
  publisher     = {Elsevier},
  timestamp     = {2018.05.08},
}

@Article{tan-comparative-2009,
  author    = {Tan, JY and Zhao, JM and Liu, LH and Wang, YY},
  title     = {Comparative study on accuracy and solution cost of the first/second-order radiative transfer equations using the meshless method},
  journal   = {Numerical Heat Transfer, Part B: Fundamentals},
  year      = {2009},
  volume    = {55},
  number    = {4},
  pages     = {324--337},
  owner     = {brbass},
  publisher = {Taylor \& Francis},
  timestamp = {2018.05.09},
}

@InProceedings{wang-meshless-2016,
  author        = {Wang, Cheng-An and Sadat, Hamou and Tan, Jian-Yu},
  title         = {Meshless method for solving coupled radiative and conductive heat transfer in refractive index medium},
  booktitle     = {Journal of Physics: Conference Series},
  year          = {2016},
  volume        = {676},
  number        = {1},
  pages         = {012024},
  organization  = {IOP Publishing},
  __markedentry = {[brbass:]},
  owner         = {brbass},
  timestamp     = {2018.05.09},
}

@InProceedings{bassett-meshless-2017,
  author    = {Bassett, Brody and Kiedrowski, Brian},
  title     = {Meshless local Petrov-Galerkin solution of the neutron transport equation in nonhomogeneous media},
  booktitle = {Transactions of the American Nuclear Society, Vol. 117},
  year      = {2017},
  owner     = {brbass},
  timestamp = {2017.12.22},
}

@Article{springel-smoothed-2010,
  author        = {Springel, Volker},
  title         = {Smoothed particle hydrodynamics in astrophysics},
  journal       = {Annual Review of Astronomy and Astrophysics},
  year          = {2010},
  volume        = {48},
  pages         = {391--430},
  __markedentry = {[brbass:2]},
  owner         = {brbass},
  publisher     = {Annual Reviews},
  timestamp     = {2018.05.11},
}

@Comment{jabref-meta: databaseType:bibtex;}
